@book{adams1995hitchhiker,
  title={The Hitchhiker's Guide to the Galaxy},
  author={Adams, D.},
  isbn={9781417642595},
  url={http://books.google.com/books?id=W-xMPgAACAAJ},
  year={1995},
  publisher={San Val}
}


@book {weaver,
    AUTHOR = {Weaver, Nik},
     TITLE = {Measure theory and functional analysis},
 PUBLISHER = {World Scientific Publishing Co. Pte. Ltd., Hackensack, NJ},
      YEAR = {2013},
     PAGES = {viii+202},
      ISBN = {978-981-4508-56-8},
   MRCLASS = {28-01 (46-01)},
  MRNUMBER = {3185963},
MRREVIEWER = {Olav Nygaard},
       DOI = {10.1142/8813},
       URL = {https://doi.org/10.1142/8813},
}

@book{Gprudin,
  author    = {Rudin, Walter},
  title     = {Functional analysis},
  year      = {1991},
  address   = {New York},
  edition   = {2nd ed.},
  isbn      = {0070542368},
  keywords  = {Mathematics; Funksjonalanalyse},
  language  = {eng},
  publisher = {McGraw-Hill},
  series    = {McGraw-Hill international editions},
}


@book {MR2300779,
    AUTHOR = {Pietsch, Albrecht},
     TITLE = {History of {B}anach spaces and linear operators},
 PUBLISHER = {Birkh\"{a}user Boston, Inc., Boston, MA},
      YEAR = {2007},
     PAGES = {xxiv+855},
      ISBN = {978-0-8176-4367-6; 0-8176-4367-2},
   MRCLASS = {46-03 (01A05 01A60 46Bxx 47-03)},
  MRNUMBER = {2300779},
MRREVIEWER = {Joram Lindenstrauss},
}

@book {MR1727673,
    AUTHOR = {Benyamini, Yoav and Lindenstrauss, Joram},
     TITLE = {Geometric nonlinear functional analysis. {V}ol. 1},
    SERIES = {American Mathematical Society Colloquium Publications},
    VOLUME = {48},
 PUBLISHER = {American Mathematical Society, Providence, RI},
      YEAR = {2000},
     PAGES = {xii+488},
      ISBN = {0-8218-0835-4},
   MRCLASS = {46-02 (46Bxx 46T99 47-02)},
  MRNUMBER = {1727673},
MRREVIEWER = {Gilles Godefroy},
}


@book {MR1681462,
    AUTHOR = {Folland, Gerald B.},
     TITLE = {Real analysis},
    SERIES = {Pure and Applied Mathematics (New York)},
   EDITION = {Second},
      NOTE = {Modern techniques and their applications,
              A Wiley-Interscience Publication},
 PUBLISHER = {John Wiley \& Sons, Inc., New York},
      YEAR = {1999},
     PAGES = {xvi+386},
      ISBN = {0-471-31716-0},
   MRCLASS = {00A05 (26-01 28-01 46-01)},
  MRNUMBER = {1681462},
}

@article {Hyersintroquasi,
    AUTHOR = {Hyers, D. H.},
     TITLE = {A note on linear topological spaces},
   JOURNAL = {Bull. Amer. Math. Soc.},
  FJOURNAL = {Bulletin of the American Mathematical Society},
    VOLUME = {44},
      YEAR = {1938},
    NUMBER = {2},
     PAGES = {76--80},
      ISSN = {0002-9904},
   MRCLASS = {DML},
  MRNUMBER = {1563685},
       DOI = {10.1090/S0002-9904-1938-06686-4},
       URL = {https://doi.org/10.1090/S0002-9904-1938-06686-4},
}